<?xml version="1.0" encoding="UTF-8"?><collection xmlns="http://www.loc.gov/MARC21/slim"><record><leader>00328nam--2200133-i-4500</leader><controlfield tag="001">000026859</controlfield><controlfield tag="002">20161230</controlfield><controlfield tag="005">20161230201036</controlfield><controlfield tag="008">060222s1000------------r-----000-0-eng-d</controlfield><datafield ind1=" " ind2=" " tag="100"><subfield code="a">Kilman, V. Rabinovici, I</subfield></datafield><datafield ind1=" " ind2=" " tag="245"><subfield code="a">Toma, a</subfield></datafield><datafield ind1=" " ind2=" " tag="260"><subfield code="a">Tolerante Si Calibre</subfield></datafield><datafield ind1=" " ind2=" " tag="490"><subfield code="a">Bucuresti, Editura Tehnica, 1954. 190p</subfield></datafield><datafield ind1=" " ind2=" " tag="852"><subfield code="a">621.8</subfield></datafield></record></collection>